4538 5848
894 329 1092 370 cmmemores
1109 330 1278 370 monem
1929 279 1962 368 81

179 493 216 546 tu
249 484 289 545 ad
311 504 358 545 mo
381 485 542 562 redium
561 483 619 561 Ep.
642 481 700 541 271
726 499 808 540 nuno
831 482 984 546 oceoaioat
1005 477 1153 556 faciundi,
1173 481 1379 562 urinaquuu
1399 477 1431 537 in
1454 479 1562 538 urbem
1585 481 1773 586 adveneriu
1791 513 1833 521 -
1854 479 1912 557 Ep.
1936 479 1997 536 304

177 607 216 646 no
250 588 367 666 abilae,
402 588 605 668 priusquam
637 600 695 658 ego
728 579 769 639 ad
802 587 833 640 to
860 599 978 646 venero
989 601 1002 659 ,⁶
1021 580 1074 640 Pa.
1100 581 1175 640 1031
1200 586 1305 638 metuo
1329 598 1367 638 na
1390 615 1431 624 -
1453 581 1596 646 aduenae
1614 583 1718 662 priue
1740 599 1843 663 quam
1864 579 1996 658 Harpax
2068 587 2070 594 '

179 689 298 754 abierit
304 709 317 767 ;
339 722 380 730 -—
403 685 460 764 Ep.
485 685 544 744 122
566 681 722 742 hominem
744 681 856 760 pistori
879 679 968 758 dabo,
992 677 1053 740 nisi
1072 683 1176 764 prius
1196 683 1407 764 eouparueeu
1429 679 1505 740 mihi
1528 679 1739 758 quadraginta
1762 679 1872 758 minas,
1896 699 1997 762 quum

178 787 304 865 argenti
321 789 421 870 suero
442 787 585 852 elocutus
605 783 634 844 oi
655 788 845 862 postremam
867 779 1031 860 syllabam.
1581 773 1593 798 '

284 906 373 970 Inest
404 905 492 968 notio
515 901 716 985 prohibendi
741 897 773 958 in
792 903 897 984 prim.
918 904 998 966 aeret.
1022 898 1114 977 capt.
1137 899 1196 958 831
1222 903 1348 982 operite
1364 901 1469 982 prino
1490 917 1591 981 quarn
1613 897 1766 978 pultando
1788 897 1907 958 foribus
1930 897 1996 958 oxi-

179 1004 260 1064 tium
283 1006 376 1072 dabo.

279 1153 318 1232 4.
369 1148 661 1256 Imperfectum
675 1169 726 1229 vol
743 1145 1193 1254 plusquamperfectum
1211 1165 1244 1226 in
1260 1169 1370 1226 enunt.
1388 1172 1517 1244 tempor.
1538 1165 1649 1247 (raro).
1672 1168 1708 1226 B.
1725 1168 1787 1226 438
1803 1165 1876 1226 olim
1890 1165 1997 1246 populi

175 1276 279 1356 priue
312 1273 459 1332 honorem
491 1271 639 1354 capiebat
673 1269 847 1350 (sententia
880 1267 1027 1347 primaria
1060 1273 1110 1328 eat
1137 1270 1363 1352 affirmatum
1382 1265 1430 1326 cfr
1451 1265 1567 1327 Hoffm.
1590 1289 1620 1346 p.
1644 1268 1713 1345 175,
1737 1268 1846 1328 Kuhn.
1868 1288 1898 1346 p.
1921 1267 1996 1347 907)

179 1357 342 1451 suffragio,
365 1391 466 1456 qream
488 1369 639 1448 magistro
663 1371 828 1436 desinebat
848 1389 916 1430 osae
939 1367 1024 1436 dicto
1046 1367 1212 1428 oboediens
1237 1367 1385 1448 (iterat).
1430 1369 1522 1428 Truc.
1545 1370 1574 1446 2,
1597 1391 1619 1446 e,
1642 1391 1671 1434 ³0
1692 1367 1767 1444 quid
1786 1367 1833 1428 illi
1848 1387 1887 1428 ex
1907 1373 1997 1428 utero

181 1472 310 1539 exitiost
339 1471 439 1554 (notio
461 1469 671 1551 prohibendi),
699 1474 906 1554 prinsquam
934 1474 1065 1552 poterut
1090 1469 1135 1528 ira
1157 1467 1189 1527 in
1213 1467 1384 1546 proelium?
1407 1468 1519 1547 Amph.
1543 1471 1603 1529 603
1626 1475 1662 1528 ut
1685 1504 1725 1512 —
1747 1487 1795 1528 me
1818 1467 1996 1547 pramiaisti

179 1573 311 1652 domum,
335 1575 409 1640 Am.
433 1571 508 1649 quid
530 1570 648 1648 igitur?
671 1571 723 1637 So,
744 1574 847 1654 prius
868 1567 968 1629 multo
991 1575 1066 1628 ante
1088 1569 1163 1630 aedis
1185 1571 1315 1635 stabam
1336 1588 1438 1652 quem
1459 1569 1514 1628 illo
1537 1572 1749 1636 adveneram,

850 1780 899 1862 Β.
963 1779 1327 1884 conjonctione.

285 1949 379 2012 Actio
411 1948 579 2010 cantantia
612 1945 793 2027 temporalia
826 1955 876 2010 est
909 1947 947 2016 in
979 1947 1140 2018 oratione
1172 1948 1316 2037 obliqua
1343 1948 1436 2031 (conj.
1460 1946 1612 2024 obliquus,
1636 1945 1844 2027 subjectivae)
1868 1953 1924 2008 aut
1946 1954 1996 2008 ost

178 2049 349 2119 iterativa
370 2054 426 2110 aut
448 2049 648 2129 significatur
660 2067 741 2115 ‘non
762 2046 850 2117 fleri.

284 2201 311 2269 t
354 2199 519 2268 Pranana
545 2199 577 2258 in
604 2199 765 2260 sententia
792 2204 975 2284 teniporoli.
1023 2201 1137 2281 Amph.
1161 2203 1220 2261 533
1243 2201 1329 2261 exiro
1351 2220 1390 2262 ox
1413 2201 1489 2264 urbo
1508 2203 1611 2284 prino
1632 2219 1733 2282 quon
1755 2203 1893 2266 loneaeot
1915 2203 2000 2280 volo,-

179 2302 283 2362 Merc„
309 2303 366 2362 601
397 2305 502 2384 priua
533 2320 634 2384 quam
667 2303 812 2384 recipias
842 2300 1026 2378 anhelitum,
1060 2321 1122 2361 uno
1144 2303 1241 2362 verbo
1263 2305 1425 2384 eloquere:
1445 2300 1499 2362 ubi
1521 2301 1609 2362 sum?
1633 2301 1725 2360 Truc.
1748 2301 1777 2378 2,
1800 2323 1822 2378 o,
1845 2323 1874 2366 aa
1895 2300 1996 2361 tritici
2084 2352 2086 2358 ,

179 2407 273 2482 opust
305 2400 472 2478 munerib,
506 2419 544 2460 ne
577 2399 630 2460 illa
656 2405 859 2484 priusquam
880 2401 980 2480 spolia
1002 2405 1122 2486 capiat,
1145 2401 1197 2462 hio
1219 2421 1275 2462 noa
1298 2406 1438 2469 extincti
1460 2401 1568 2464 famas.
1668 2455 1673 2464 .

284 2537 376 2602 Actio
397 2539 637 2622 enuntiationis
656 2539 849 2619 temporalia
865 2537 1072 2620 prohibetur.
1116 2535 1230 2616 Amph.
1253 2539 1315 2596 240
1336 2535 1472 2596 animam
1494 2541 1645 2603 omittunt
1669 2535 1772 2619 (praa.
1785 2535 1886 2618 hist),
1894 2541 1998 2621 prino

181 2655 282 2719 quam
304 2636 372 2696 loco
395 2639 587 2720 dunipreru.
611 2673 652 2681 —
674 2638 757 2698 Man.
781 2639 841 2697 846
863 2637 923 2714 ibo,
947 2636 1099 2698 adducam
1121 2637 1174 2714 qui
1196 2638 1279 2698 hunc
1303 2641 1498 2719 deuiuu'uru,
1516 2640 1620 2721 priue
1634 2657 1734 2721 quam
1748 2638 1911 2698 turbarum
1922 2636 1998 2714 quid

176 2739 283 2820 [auat
315 2735 462 2816 amplius;
499 2737 583 2798 Rud.
617 2738 678 2797 626
709 2743 930 2822 praetorquete
962 2737 1084 2817 injuriae
1119 2737 1213 2819 (dat.)
1244 2743 1348 2822 prius
1380 2738 1494 2798 collum
1527 2758 1629 2822 quum
1661 2737 1702 2797 ad
1734 2758 1790 2798 noe
1819 2743 2000 2822 pervelm&

179 2837 262 2897 Rud.
296 2839 357 2896 455
385 2835 460 2913 quid
481 2857 569 2898 cosso
592 2836 700 2914 fugare
722 2837 755 2897 in
779 2838 893 2916 fanum,
918 2838 950 2898 in
972 2858 1060 2898 aram
1083 2837 1131 2898 uti
1152 2840 1388 2922 consuetarum
1404 2843 1513 2922 priua
1534 2858 1635 2922 quarn
1657 2837 1727 2898 leno
1749 2843 1858 2906 veniat
1879 2858 1996 2916 nosque

179 2933 229 2996 hlc
253 2941 444 3022 opprimat?
465 2937 518 2998 Pa.
541 2939 612 2998 242.

262 3057 375 3214 fiAelio
407 3059 571 3122 tiarativa.
627 3045 721 3117 Poen.
755 3058 813 3116 321
844 3060 948 3140 priua
979 3075 1081 3140 quam
1102 3057 1210 3118 Venus
1232 3060 1492 3140 experpr'ecatur,
1510 3060 1614 3141 priua
1635 3058 1859 3140 deproperant
1887 3055 1995 3117 sedulo

178 3155 260 3216 sacri
284 3176 369 3233 caro;
394 3155 461 3217 Mil.
485 3158 555 3218 689.

283 3322 318 3390 2.
360 3320 563 3392 Perfectum
596 3324 629 3384 in
661 3331 743 3385 sant.
776 3331 911 3408 tempor.
960 3326 996 3386 B.
1032 3325 1091 3384 175
1113 3345 1154 3390 ne
1176 3324 1364 3386 Nicobulum
1397 3345 1444 3385 ma
1477 3329 1572 3392 eiuue
1605 3331 1748 3386 nostrum
1770 3344 1875 3386 senam
1893 3327 1997 3408 priua
2076 3348 2078 3352 ’

180 3425 352 3488 convenire
374 3443 476 3506 quarn
497 3426 636 3486 sodalem
658 3427 819 3505 avidorum
837 3427 894 3504 Ep.
918 3427 970 3502 703
994 3425 1061 3486 Mil.
1086 3427 1166 3484 1096
1188 3429 1278 3492 nullo
1300 3425 1366 3485 haec
1384 3431 1482 3509 poeto
1500 3432 1605 3511 poteat
1622 3431 1725 3510 priua
1746 3425 1777 3484 in
1800 3425 1875 3487 adia
1888 3425 1993 3506 recipi,

179 3541 281 3603 quam
312 3521 400 3582 illam
432 3529 602 3592 amiserim
608 3549 621 3607 ;
651 3525 738 3586 Trin.
761 3527 832 3587 886.
877 3527 969 3586 Truc.
994 3529 1021 3604 1,
1045 3549 1067 3603 1,
1090 3547 1115 3592 81
1135 3529 1341 3610 priusquam
1362 3545 1459 3586 unum
1481 3529 1623 3608 dederis,
1646 3532 1772 3587 cantum
1794 3547 1862 3604 quaa
1884 3531 1994 3606 poscat

177 3627 283 3704 porat
307 3621 391 3702 (iter.
414 3622 462 3684 cfr
483 3627 539 3686 As.
565 3626 648 3706 168).

284 3789 318 3856 8.
360 3787 614 3878 Imperfectum
647 3794 698 3853 vel
729 3791 1013 3881 Plusquamperf.
1046 3793 1078 3854 in
1110 3797 1285 3878 temporali
1305 3793 1524 3855 enuntiatione
1549 3795 1660 3875 (raro).
1704 3795 1771 3855 Mil.
1794 3795 1855 3854 886
1878 3793 1993 3855 multos

180 3891 251 3955 eidi
272 3888 429 3966 regionem
447 3894 566 3975 supere
586 3893 696 3953 consili
713 3897 818 3978 priua
840 3914 939 3977 qnam
963 3900 1121 3974 repertam
1142 3895 1316 3975 taoereou
1334 3897 1371 3956 B.
1389 3897 1470 3955 1030
1476 3900 1537 3979 jue
1539 3898 1735 3978 jnrondnrn
1750 3897 1835 3977 dedi,
1847 3893 1995 3954 daturum

179 3987 212 4048 id
234 4004 282 4048 mc
305 4025 346 4032 -
362 3995 467 4074 priua
487 4012 589 4075 quum
610 4013 628 4052 a
651 4013 699 4053 ma
721 3996 844 4075 abire&
862 4030 903 4038 —
925 3995 1008 4055 Rud.
1031 3997 1094 4056 494
1115 3994 1238 4055 utinam
1260 4000 1296 4054 tu
1313 3999 1418 4080 priua
1438 4015 1540 4080 quarn
1562 4002 1594 4056 tc
1617 3995 1716 4056 oculis
1739 3997 1894 4063 vidiattem
1915 3994 1992 4056 mois

181 4088 265 4147 malo
288 4089 432 4150 cruciatu
453 4089 486 4150 in
508 4091 615 4153 Sicilia
633 4096 823 4178 perbueree.

285 4238 399 4304 adnot.
442 4239 644 4330 Antequam
665 4244 743 4325 arou
762 4245 897 4310 Plautum
919 4261 976 4309 ooo
998 4245 1102 4308 lerant
1146 4245 1186 4309 De
1208 4244 1374 4333 quoniam
1401 4245 1463 4309 ileo
1484 4267 1513 4326 p.
1541 4247 1591 4306 22.
