4538 5848
380 378 387 383 .
401 377 603 386 -.———.
612 379 752 386 ----—-.

311 308 375 382 ..20
976 331 1379 394 „Quemne-nune:

1392 388 1634 394 -—-—--—--
1653 389 1797 394 .---—--
1819 389 1975 396 --..---..--
1995 391 2059 396 --—-

412 473 445 538 2.
487 470 723 559 Adjectivum.
778 477 872 536 Peon.
907 479 968 536 914
994 476 1136 556 15ρ1ἀιιέ,
1159 499 1257 561 quom
1279 501 1398 556 mones;
1422 484 1516 544 Most.
1541 485 1602 542 588
1624 483 1735 544 boatus
1758 503 1833 544 vero
1856 503 1889 544 es
1912 503 2003 560 nuno,
2027 505 2123 567 quom

242 647 243 654 ἵ
306 570 436 648 olamas;
471 575 558 634 Pers.
592 576 619 650 3,
648 599 668 650 1,
692 599 727 652 22,
752 580 779 654 4,
803 601 825 652 4,
848 600 884 654 so,
907 578 978 638 Cas.
1002 580 1072 637 232.
1115 578 1179 639 Cio.
1203 580 1293 642 Verr.
1317 582 1344 657 5,
1368 604 1403 658 m,
1427 605 1455 648 so
1476 582 1507 642 in
1531 603 1592 642 una
1615 583 1749 644 civitate
1771 582 1819 644 bis
1841 583 1999 662 improbus
2023 583 2121 660 fuisti,

306 690 402 752 quem
425 679 457 732 et
481 673 639 750 remisisti,
663 675 745 752 quod
768 697 829 736 non
853 680 1027 756 oportebat,
1050 683 1083 737 et
1107 678 1267 758 accepisti,
1291 683 1372 756 quod
1395 703 1456 742 non
1479 682 1604 744 licebat.

410 790 524 952 nonnil.
552 795 570 854 1.
615 794 764 857 Sententia
796 795 965 874 explicatus
998 795 1036 858 nn
1067 799 1202 864 nentrum
1233 799 1418 876 pnonnmlnle
1452 803 1557 880 (15155,
1580 803 1645 878 boc,
1670 803 1717 877 io)
1738 815 1955 880 nonnumquam
1977 801 2123 882 notorium

306 896 377 958 vide
401 916 511 974 exemp
526 915 553 956 a.
1281 927 1284 934 ⁴

408 1011 521 1073 nonni.
546 1012 573 1074 2.
618 1013 865 1092 Quemadmodum
888 1014 979 1100 qnod
1005 1013 1261 1102 explicativum
1282 1017 1436 1095 mgistna
1456 1019 1537 1096 petet
1558 1017 1635 1096 mun
1654 1017 1790 1082 Plautum
1811 1037 1899 1099 qnam
1921 1021 1998 1100 apud
2010 1023 2123 1084 nolanos

303 1113 469 1191 mnlptoms,
502 1114 545 1176 115
578 1133 685 1200 quum
717 1114 972 1202 explicativum
1005 1117 1533 1196 1515555515(1115555555151
1555 1157 1594 1164 -
1617 1121 1699 1198 apud
1723 1121 1905 1182 Terentium
1928 1121 2028 1200 ipsum
2051 1143 2122 1182 raro

303 1213 439 1274 occurrit
463 1215 523 1294 (cfr
546 1217 695 1277 Lubbort.
718 1237 789 1298 pag.
815 1219 886 1297 108)
911 1255 951 1262 -
973 1221 1002 1282 el
1024 1219 1141 1298 quinem
1163 1237 1248 1299 sepe,
1270 1219 1321 1284 5111
1341 1237 1438 1284 nunna
1459 1221 1557 1285 atelle
1578 1221 1737 1300 sculptores
1758 1219 1850 1308 quod
1866 1239 2007 1302 usurpem
2017 1223 2122 1286 nolent.

599 1756 1310 1960 Enuntiationes
1371 1759 1822 1905 causales

407 2037 578 2097 Sententia
611 2037 754 2097 causales
790 2033 828 2102 in
858 2031 1053 2104 indicativo
1086 2043 1253 2115 ponuntur,
1292 2035 1352 2098 nisi
1385 2035 1466 2113 quod
1487 2036 1650 2098 invenitur
1672 2037 1924 2126 conjunctivus
1946 2027 2121 2136 obliquus,

303 2135 536 2225 subjectivus,
558 2135 769 2223 potentialis
794 2137 957 2218 (irrealis).
1637 2142 1653 2162 .-
1837 2157 1840 2164 ,
1882 2133 1885 2140 -
2008 2143 2021 2153 1,

502 2321 549 2439 Ι.
621 2303 1044 2442 Aduerbiales
1081 2301 1572 2440 enuntiationes
1608 2325 1925 2442 causales,
1992 2293 2004 2352 ⁵

408 2562 615 2624 Adverbiales
638 2558 805 2622 sententia
828 2561 971 2620 causales
993 2558 1148 2638 incipiunt
1170 2579 1189 2618 a
1211 2559 1483 2638 conjunctionibus
1505 2557 1597 2646 quia,
1620 2558 2122 2649 queniem,quendo,quend0·
2243 2579 2244 2606 ¹

302 2661 442 2752 quidem
464 2665 613 2748 (quondo
635 2665 787 2746 quidem),
811 2678 916 2746 quom
931 2662 951 2740 ¹,
973 2681 1044 2720 raro
1067 2658 1169 2746 quod.
2108 2755 2113 2766 ι

405 2779 591 2858 Significant
623 2781 670 2840 hae
704 2799 808 2838 omnes
831 2778 1067 2858 conjunctiones
1090 2777 1172 2857 apud
1196 2777 1345 2838 Plautum
1368 2785 1400 2838 et
1423 2797 1570 2844 eeueem
1592 2777 1725 2846 realem
1749 2777 1925 2858 (curantio
1938 2781 1995 2869 ¹liat
2007 2782 2121 2874 prima·

301 2881 355 2941 riae
378 2880 557 2961 sententiaa)
582 2887 615 2940 et
638 2899 785 2947 caueam
807 2877 958 2964 logicam
982 2883 1052 2959 (our
1074 2876 1208 2946 mentio
1230 2878 1286 2938 fiet
1309 2879 1347 2938 de
1370 2879 1502 2956 actione,
1527 2887 1582 2938 arat
1605 2900 1662 2938 our
1684 2879 1766 2968 quid
1789 2879 1978 2966 qum-atur,
2001 2889 2056 2942 aut
2081 2905 2120 2942 ex

211 3037 217 3056 ,
303 3003 363 3061 quo
385 2981 460 3060 quid
482 2979 740 3062 concludetm).

1096 3180 1145 3261 A.
1202 3179 1316 3279 Quia.

404 3370 491 3455 Quia
524 3371 615 3448 longe
649 3370 902 3447 frequentissime
940 3369 1118 3430 adhibetur.
1173 3370 1383 3448 Conjungitur
1409 3391 1479 3429 eum
1501 3367 1680 3457 praesenti,
1702 3365 1872 3456 perfecto,
1894 3367 2018 3436 futuro
2040 3367 2118 3435 sim·

299 3469 398 3560 plici,
419 3469 638 3560 imperfecto,
660 3468 1022 3559 plusquamperfecto.

401 3641 431 3719 1.
485 3637 689 3719 Primaria
714 3637 927 3719 sententia
951 3637 1131 3742 ponitur.

404 3777 519 3856 Amph.
555 3779 616 3836 640
648 3776 715 3835 sola
738 3775 787 3834 hic
811 3775 851 3834 mi
875 3795 957 3834 narnc
980 3775 1098 3853 videor,
1122 3779 1202 3858 quid
1225 3775 1278 3834 ille
1301 3775 1373 3834 hinc
1396 3777 1501 3849 abest;
1524 3777 1615 3854 capt.
1640 3777 1679 3834 io
1698 3776 1849 3852 juventus
1871 3771 1982 3835 'nomen
2006 3775 2119 3834 indidit

300 3877 409 3937 Scorto
442 3877 527 3954 mihi,
562 3881 641 3960 qnnia
674 3877 842 3936 invocatus
875 3877 959 3934 soleo
992 3896 1060 3935 esse
1094 3877 1124 3934 in
1159 3875 1316 3945 convivio;
1352 3877 1528 3936 suessos
1563 3877 1594 3936 in
1628 3877 1775 3955 scapham
1810 3877 2005 3952 insuluimus,
2040 3881 2120 3958 quio

300 3977 442 4038 videmus
478 3980 580 4057 (praes.
615 3977 704 4056 hist.)
744 3979 784 4036 ad
817 3965 893 4036 saxa
928 3997 1039 4036 navem
1072 3977 1196 4052 ferrier;
1231 3977 1298 4036 Mil.
1333 3980 1372 4035 54
1405 3977 1538 4036 satietas
1573 3977 1646 4036 belli
1670 3981 1748 4061 quia
1772 3988 1851 4056 erat,
1875 3977 1935 4038 sivi
1959 3977 2119 4045 viverent;

301 4081 383 4139 Men.
412 4083 492 4139 1020
514 4085 593 4163 quia
616 4087 792 4159 postremus
815 4079 908 4156 cedis,
933 4079 989 4138 hoc
1013 4078 1118 4157 praemi
1141 4079 1237 4152 feram
1261 4079 1332 4137 Cas.
1356 4079 1415 4136 397
1439 4081 1518 4160 quin
1542 4085 1610 4136 tute
1634 4098 1668 4136 es
1691 4079 1852 4156 fugitivos,
1877 4079 1975 4138 omnis
1999 4084 2029 4136 te
2052 4077 2119 4136 imi·

301 4181 362 4239 tari
390 4180 493 4260 cupis;
517 4181 608 4260 Capt.
632 4183 701 4258 581,
725 4183 820 4241 Most.
844 4183 913 4258 500,
938 4179 1024 4239 Trin.
1047 4182 1117 4252 338;
1141 4181 1223 4238 Men.
1247 4179 1307 4237 513
1330 4179 1428 4237 omnis
1451 4177 1585 4238 cinaedos
1607 4199 1675 4238 esse
1699 4201 1816 4256 censes,
1841 4186 1875 4237 tu
1899 4180 2023 4263 qnin's?
2052 4177 2119 4237 llil.

301 4285 370 4360 499,
406 4285 499 4344 Most.
534 4285 603 4360 521,
631 4282 713 4342 Rud.
742 4283 835 4358 1187;
859 4281 949 4362 Capt.
975 4281 1033 4340 765
1056 4280 1188 4339 neminis
1211 4279 1350 4339 misereri
1373 4285 1536 4356 certumst,
1560 4283 1640 4364 quiin
1662 4281 1720 4340 rusi
1744 4281 1871 4340 miseret
1895 4279 2056 4340 neminem.
2080 4317 2121 4324 -

404 4385 516 4464 Amph.
541 4385 600 4443 7115
623 4403 670 4442 me
693 4389 813 4462 captas,
837 4387 917 4466 quio
939 4388 985 4464 (tq
1002 4403 1156 4448 --runsu
1178 4385 1293 4464 lonicus)
1316 4387 1386 4438 tute
1409 4381 1449 4440 ab
1471 4381 1544 4440 navi
1567 4381 1744 4442 clanculum
1766 4383 1826 4442 huo
1850 4381 1912 4440 alia
1936 4382 1986 4440 vie
2004 4401 2120 4460 pracu-

300 4483 428 4544 curristi
451 4493 546 4561 atque
570 4493 711 4563 pateram
734 4483 894 4558 exemisti3
918 4484 1004 4542 Pers.
1032 4487 1056 4558 1,
1081 4509 1101 4559 ι,
1125 4505 1152 4548 ‘20
1174 4481 1249 4540 mihi
1272 4481 1396 4558 quidem
1420 4488 1455 4539 tu
1475 4482 1539 4558 jam
1562 4503 1633 4542 eras
1656 4491 1807 4558 mortuus,
1832 4487 1910 4564 quin
1935 4487 1966 4541 te
1990 4503 2050 4540 non
2074 4481 2118 4540 vi·

300 4584 411 4660 sitavi;
436 4587 492 4663 Ep.
519 4587 575 4645 137
599 4584 681 4661 quod
705 4584 852 4661 benefeci,
876 4583 1027 4660 malefeci,
1051 4589 1131 4666 qnia
1154 4603 1240 4642 amor
1262 4583 1397 4641 mutavit
1422 4581 1536 4646 locum:
1560 4584 1648 4643 Pers.
1672 4587 1708 4655 5,·
1725 4607 1745 4648 1·
1768 4605 1796 4648 23
1818 4591 1947 4660 optatus
1970 4584 2020 4643 hie
2044 4582 2118 4642 mihi

300 4686 367 4746 dies
389 4686 484 4746 datus
506 4685 596 4745 hodie
619 4691 667 4746 est
692 4685 731 4744 ab
754 4684 810 4760 dis,
835 4689 914 4768 quia
937 4693 968 4743 te
992 4685 1066 4744 lieet
1089 4684 1220 4744 liberam
1243 4703 1289 4742 me
1314 4683 1470 4761 amplecti.

401 4836 439 4914 2.
490 4833 694 4914 Primaria
721 4832 932 4914 sententia
958 4856 1043 4914 non
1068 4831 1248 4937 ponitur.

404 4974 467 5030 Per
487 4972 644 5032 earrsalem
678 4972 926 5031 snrrutiationern
959 4968 1196 5058 respondetur
1229 4968 1455 5038 antecedenti
1476 4966 1748 5054 interrogationi
1770 4989 1890 5047 seraper
1913 4969 1976 5028 l'ere
2000 4969 2118 5028 brevis-

299 5075 394 5150 sima,
418 5094 486 5148 qua
508 5072 618 5151 incipit
642 5075 682 5132 ab
704 5069 796 5158 quid,
819 5071 888 5156 qui,
910 5091 1007 5157 quor,
1029 5091 1135 5157 quam
1157 5071 1201 5138 ob
1227 5089 1313 5149 rem,
1335 5069 1561 5159 quapropter,
1576 5067 1670 5155 quin,
1685 5088 1755 5155 qua
1771 5067 1814 5136 de
1826 5089 1875 5149 re,
1887 5089 1957 5155 qna
1968 5068 2118 5146 ratione,

298 5193 368 5260 qua
400 5171 529 5260 matie,
562 5193 629 5260 quo
661 5171 777 5261 paeto,
810 5191 878 5258 quo
911 5171 1132 5258 argumento,
1157 5189 1345 5257 quemnam
1368 5170 1413 5238 ed
1435 5169 1576 5238 modum
1600 5171 1686 5248 (5515
1710 5199 1750 5224 =
1768 5169 1831 5258 jon.
1875 5167 1975 5253 Quid:
2000 5173 2054 5230 Aa.
2080 5173 2119 5226 511

403 5356 693 5428 ¹mpmma
