4538 5848
24 527 26 618 ,

820 389 834 393 -
857 331 1053 370 nvnmmuours
1071 330 1273 390 ⁰⁰⁸D¹9¹9iiii⁸2
1327 385 1351 390 .-
1907 311 1941 364 43

177 387 366 393 -..-—--——-.-
377 387 386 392 .
465 387 476 392 -
488 386 572 390 —----
589 387 648 390 ----
679 387 688 392 .
727 388 812 393 .-.,-,.
1379 385 1390 388 -
1412 382 1735 390 -.—...—.—.———-
1746 379 1916 388 ———-
1934 380 1974 386 ---

256 481 371 544 Adnot.
395 483 414 544 l.
458 478 547 563 Quin
569 479 838 548 adversativum
860 481 950 543 cedis
972 479 1110 544 lermlnlr
1132 478 1278 557 distingo!
1299 479 1335 542 ab
1357 494 1399 551 eo,
1421 477 1498 556 quod
1518 480 1564 540 eet
1585 475 1704 554 finale,
1726 491 1782 538 uon
1803 476 1907 555 potest.

258 600 372 664 adnot.
396 599 425 661 2.
470 601 510 662 De
532 617 604 665 non
626 597 710 685 quin
732 599 794 661 rlde
817 622 846 678 p.
869 601 919 659 24.
964 599 1046 658 Adn.
1072 601 1098 658 1.

553 831 561 868 ι
868 783 927 882 B.
991 781 1116 909 Quo,
1149 783 1252 910 qui.

256 991 318 1050 Hae*
336 989 581 1067 conjunctiones,
605 995 682 1048 ortae
704 1008 743 1048 ex
766 985 925 1054 ablativo
945 985 1217 1053 instrumentali
1239 985 1429 1065 pronominis
1442 985 1578 1064 relativi,
1593 985 1773 1062 significant
1785 986 1831 1073 ph
1842 982 1903 1051 det
1917 983 1975 1051 att

154 1089 366 1174 derigenom,
388 1092 434 1182 ph
456 1088 517 1156 det
539 1088 596 1156 att
618 1085 730 1156 desto.
775 1089 868 1168 Apud
891 1088 1041 1146 Plautum
1065 1107 1135 1146 raro
1159 1087 1358 1146 adhibentur.

256 1229 284 1268 a.
328 1205 602 1295 comparativus
634 1205 779 1295 ponitur
811 1207 843 1266 in
877 1207 964 1266 finali
987 1206 1167 1266 sententia:
1191 1209 1313 1284 mirum,
1337 1210 1455 1288 meapte,
1474 1208 1621 1288 faritius,
1643 1209 1748 1272 cit-tue.
1794 1206 1906 1284 Amph.
1934 1208 1974 1264 84

149 1305 210 1368 'hoc
254 1310 286 1368 in
319 1309 476 1369 mandatis
499 1308 596 1385 dedit,
621 1317 656 1368 ut
684 1307 901 1384 conquistores
923 1306 1036 1366 tierent
1058 1305 1276 1366 histrionibus:
1300 1305 1352 1380 qui
1375 1305 1435 1366 sihi
1458 1307 1640 1366 mandasset
1663 1306 1802 1382 delegati
1825 1315 1861 1365 ut
1885 1307 1973 1385 plau-

152 1411 263 1469 derent
297 1409 388 1484 quive
423 1409 505 1468 alter
528 1431 590 1492 quo
612 1409 751 1488 placeret
775 1408 902 1467 iecisset
925 1411 1047 1484 azirius,
1071 1409 1138 1484 ejus
1162 1415 1345 1465 ornamenta
1368 1415 1401 1464 et
1424 1407 1542 1466 corium
1565 1406 1612 1466 uti
1636 1407 1845 1466 conciderent.
1890 1409 1973 1467 Men·

152 1513 170 1570 9
194 1511 292 1572 omnis
315 1531 365 1570 res
387 1517 496 1587 gestas
519 1531 586 1570 esse
610 1509 746 1568 Athenis
768 1515 945 1586 autumant,
969 1530 1032 1591 quo
1054 1508 1143 1568 vobis
1166 1507 1244 1566 illud
1267 1527 1403 1584 graecum
1425 1507 1573 1566 videatur
1595 1513 1721 1590 magri&
1744 1509 1817 1568 Aul.
1840 1509 1881 1567 27
1903 1507 1972 1586 feci,

152 1613 356 1672 thensaurum
390 1619 426 1670 ut
459 1611 611 1690 reperiret
645 1609 765 1686 Eueli0,
799 1631 862 1693 quo
895 1610 981 1668 illam
1012 1613 1149 1693 facilius
1180 1615 1315 1687 nuptum
1347 1607 1452 1684 daret;
1486 1610 1581 1669 Poen.
1605 1612 1679 1685 905;
1703 1611 1795 1669 Truc.
1821 1612 1858 1669 19
1881 1630 1918 1669 ea
1940 1629 1973 1670 se

150 1713 308 1791 peperisse
342 1733 472 1790 puerum
505 1711 633 1771 simulat
667 1710 768 1788 militi,
803 1731 866 1794 quo
898 1715 1081 1776 t'itiltsrem
1104 1712 1201 1770 abeo
1225 1717 1366 1785 averrat3
1391 1711 1548 1770 -Poem
1574 1712 1654 1769 1264
1676 1710 1730 1770 vix
1752 1711 1810 1769 hoc
1833 1710 1974 1770 videmur

149 1813 287 1873 eredere.
331 1815 465 1879 Hanno.
499 1817 608 1895 mepte
640 1816 698 1894 qui
730 1811 878 1889 credatis,
911 1812 1027 1888 dicem,
1062 1811 1134 1870 Aul.
1169 1813 1229 1870 596
1252 1810 1305 1887 qui
1328 1808 1416 1890 pueri
1440 1830 1514 1869 uere
1538 1809 1665 1870 diseunt
1687 1811 1808 1890 scirpea
1830 1810 1973 1870 induitur

149 1913 241 1991 ratis,
264 1918 324 1996 qui
345 1913 489 1972 laborent
511 1917 633 1986 primate,
652 1915 789 1994 facilius
810 1919 847 1979 ut
868 1919 946 1971 nent
968 1919 1002 1971 et
1024 1918 1171 1972 moveant
1194 1931 1314 1971 manus.

256 2065 285 2124 b.
329 2060 602 2151 comparativus
635 2060 814 2130 omittitur
847 2082 983 2141 perraro.
1039 2061 1122 2122 Rud.
1160 2065 1238 2122 1329
1273 2065 1332 2130 La.
1367 2063 1512 2139 eloquere
1539 2068 1692 2138 quantum
1714 2063 1865 2142 postules
1914 2065 1973 2129 Gr.

149 2185 214 2247 quo
246 2163 325 2224 nihil
358 2163 477 2224 invitus
511 2163 617 2240 addas,
654 2163 809 2222 talentum
842 2184 1002 2240 magnum:
1037 2183 1099 2221 non
1133 2169 1239 2241 potest
1274 2164 1444 2223 triobulum
1471 2165 1544 2224 hinc
1567 2165 1690 2239 abesse;
1713 2201 1754 2206 —
1777 2165 1889 2243 Amph.
1912 2167 1974 2224 340

149 2271 305 2325 certumst
338 2264 531 2324 confidenter
564 2263 719 2322 hominem
752 2263 888 2340 adloqui,
923 2269 981 2346 qui
1002 2263 1117 2342 possim
1140 2263 1240 2323 videri
1263 2264 1335 2324 huic
1358 2263 1460 2342 fortis,
1485 2285 1503 2323 a
1526 2285 1573 2324 me
1597 2270 1633 2323 ut
1655 2264 1816 2344 epstineat
1839 2285 1973 2326 manum.

258 2415 374 2478 Adnot
397 2417 417 2478 1.
460 2417 583 2478 perraro
604 2415 647 2494 pl,
670 2416 701 2477 nl
723 2413 939 2481 correlatum
962 2412 1286 2481 demonstrativum
1309 2416 1339 2476 la
1360 2415 1505 2494 primaru
1527 2417 1765 2494 transponatur.
1800 2415 1872 2476 Aul.
1887 2417 1926 2475 33
1942 2415 1974 2475 id

148 2537 189 2584 ea
213 2517 326 2577 faciam
347 2521 471 2600 pratia,
495 2538 557 2600 quo
579 2516 632 2574 ille
656 2536 723 2575 eam
743 2519 880 2597 facilius
902 2515 1007 2592 ducat,
1032 2515 1083 2591 qui
1107 2523 1341 2593 conpresserat;
1366 2517 1418 2576 Pe.
1443 2519 1504 2576 564
1526 2517 1693 2595 suspitiost
1715 2517 1791 2576 mihi
1814 2537 1896 2576 nuno
1919 2536 1974 2577 vos

147 2617 348 2696 suspicarier,
383 2637 430 2676 me
464 2620 587 2682 illelmo
613 2618 678 2676 haec
703 2623 793 2674 tanta
817 2615 957 2674 facinora
981 2616 1174 2695 promittere,
1199 2637 1262 2698 qim
1284 2637 1340 2675 nos
1364 2617 1532 2692 oblectem;
1556 2617 1628 2676 Aul.
1653 2619 1714 2676 464
1736 2617 1788 2694 qui
1811 2617 1974 2677 simulavit

148 2719 210 2778 mei
233 2739 266 2778 se
289 2717 416 2776 honoris
440 2718 566 2776 mittere
590 2719 650 2777 huc
674 2737 768 2776 cansa
791 2736 919 2792 coquos:
944 2715 971 2776 is
994 2738 1032 2782 ea
1054 2737 1157 2782 caraea
1180 2716 1275 2794 misit,
1300 2718 1357 2776 hoc
1380 2723 1438 2800 qut
1459 2720 1668 2796 subruperent
1691 2718 1803 2778 misero
1826 2718 1910 2778 mihi.

258 2868 377 2932 adnot.
400 2869 429 2932 2.
475 2869 514 2931 De
536 2887 608 2935 non
630 2887 698 2953 quo
721 2867 783 2930 ride
805 2888 875 2946 pag.
900 2871 940 2926 ‘24
962 2869 1044 2928 Adn.
1071 2872 1096 2928 1.

257 3019 374 3082 alcinoi.
397 3021 424 3084 3.
468 3021 536 3098 Qun
568 3019 716 3108 letissime
736 3021 817 3098 petel
849 3019 1023 3082 coraustum
1056 3019 1194 3098 loquendi
1225 3020 1301 3098 epod
1331 3022 1444 3082 coleron
1476 3021 1642 3099 salptores,
1675 3037 1730 3098 qua
1757 3018 1875 3086 minus
1898 3035 1975 3082 roca·

146 3121 251 3185 bulnm
286 3140 352 3185 cnm
385 3142 453 3208 quo
470 3124 601 3201 jungent
622 3120 775 3184 scribendo
798 3121 849 3192 lle,
872 3121 903 3182 ol
926 3119 1113 3206 quominus
1134 3123 1200 3200 post
1222 3121 1306 3184 rerba
1328 3121 1507 3201 Impediendl
1528 3121 1694 3196 adhibeant,
1717 3123 1781 3202 ejus
1802 3121 1885 3186 colle
1908 3123 1975 3188 eunt

146 3225 226 3303 apud
247 3225 384 3287 Plautum
410 3226 455 3305 (et
480 3224 680 3302 Terentium)
707 3223 847 3302 exempla

330 3732 1041 3875 Enunueuones
1089 3730 1809 3878 condicionales

254 3993 416 4073 Incipiunt
439 4015 456 4052 a
484 3993 755 4072 conjunctionibus
779 3991 812 4057 si
827 3993 847 4070 ¹,
870 3989 938 4070 sin,
960 3989 1032 4058 nisi
1054 3990 1146 4072 (ΠΡ),
1168 3989 1239 4057 nisi
1262 3990 1305 4072 si,
1328 3991 1360 4058 si
1383 4030 1423 4036 —
1446 3992 1523 4060 sive
1546 3997 1649 4074 (seu),
1672 3993 1766 4074 dum,
1782 3995 1926 4084 absque.

490 4159 537 4276 Ι.
607 4160 696 4274 De
732 4156 939 4276 modis
977 4159 1175 4308 atque
1211 4159 1629 4310 temporibus

728 4395 790 4494 A.
854 4393 1031 4496 Genus
1063 4393 1395 4522 objectivum.

253 4597 297 4664 In
320 4554 503 4665 sententia
525 4597 772 4668 condicionali:
794 4596 1028 4666 Indicativus.

251 4714 294 4782 In
317 4714 500 4783 sententia
522 4714 703 4804 primaria:
726 4713 959 4794 indicativus,
982 4715 1232 4803 conjunctivus
1251 4715 1416 4803 jussivus
1442 4718 1644 4798 (optativus),
1667 4717 1913 4806 imperativus.
1972 4717 1976 4722 ’

247 4865 277 4943 1.
329 4863 520 4945 PraeSenS
543 4885 575 4944 in
598 4884 803 4943 condicionali
826 4884 996 4944 sententia.

251 5005 279 5044 a.
323 4981 546 5051 indicativus
567 4989 689 5068 serrae,
713 4987 808 5066 parf,
827 4987 891 5066 fut.
913 4989 1031 5066 eiurpl,
1051 4988 1115 5066 sut
1137 4991 1246 5063 arcet,
1271 4990 1362 5068 impf.
1389 4987 1523 5065 (seriel),
1544 4991 1651 5069 plzteq.
1675 4986 1810 5068 [semen]
1828 4987 1860 5046 in
1879 4988 1959 5066 prim

146 5091 228 5144 sent.
252 5085 343 5163 Capt.
367 5087 424 5144 891
449 5085 480 5144 di
502 5085 694 5162 inmortales,
719 5085 832 5142 iterum
855 5091 950 5144 natus
974 5087 1094 5162 turbor,
1118 5089 1147 5151 si
1170 5106 1244 5146 vera
1268 5093 1442 5166 (tertianae,-
1460 5087 1533 5146 Aul.
1558 5088 1631 5162 7713
1654 5089 1737 5147 Rud.
1763 5090 1842 5146 1285
1860 5109 1967 5150 omnes

152 5239 153 5244 '
178 5265 193 5270 ‘·
250 5258 311 5322 sne
329 5269 406 5336 quoe
423 5269 450 5322 a
468 5267 533 5322 une
553 5283 579 5336 p.
596 5268 614 5322 e
630 5267 736 5322 annot.
755 5267 778 5322 a

249 5365 259 5395 ²
275 5367 307 5420 ni
325 5366 354 5420 iu
373 5365 433 5421 cod.
451 5381 673 5435 nonnumquam
691 5369 737 5422 est
754 5381 805 5436 pro
823 5383 860 5421 ne
879 5367 1020 5435 particula
1036 5368 1115 5422 finali
1136 5367 1223 5432 (Pers.
1240 5371 1265 5436 3,
1283 5381 1302 5438 1,
1319 5373 1361 5437 stt
1380 5369 1422 5425 cfr
1439 5369 1568 5427 Studem.
1587 5371 1644 5428 ind.
1662 5371 1788 5440 orthogr.
1808 5372 1862 5427 sub
1881 5372 1921 5426 ni.
