4538 5848
895 487 1410 605 Summarium.

347 689 840 759 Ennntiationearelatirae.
885 737 892 750 .
938 737 945 750 .
991 737 997 750 .
1043 737 1049 750 .
1095 737 1102 750 .
1148 737 1154 750 .
1200 737 1207 750 .
1252 737 1259 751 .
1305 737 1311 750 .
1357 736 1363 750 ·
1409 736 1416 750 .
1463 738 1469 748 .
1514 736 1521 750 .
1571 736 1578 749 .
1628 737 1635 750 .
1687 735 1693 749 -
1744 709 1811 777 .p.
1875 689 1987 758 1—16.

443 794 490 852 De
517 792 671 852 correlato
698 791 838 870 ponendo
885 836 1519 852 .............
1563 811 1592 870 p.
1665 793 1754 850 1-3.

445 893 491 952 De
514 893 687 952 omittendo
710 892 865 952 cornaleto
888 937 1588 968 ...............
1663 893 1755 952 3-5.

443 995 490 1054 De
513 993 661 1052 oorreleti
684 992 877 1052 attractione
937 1037 1586 1068 ..............
1663 993 1754 1050 5-8.

445 1094 491 1154 De
514 1093 717 1171 adjunctione
740 1093 875 1153 relativa
940 1137 1587 1168 ..............
1725 1093 1754 1150 8.

444 1194 490 1253 De
516 1194 684 1254 sententiae
711 1193 852 1253 relativae
879 1213 949 1252 curn
975 1191 1038 1252 alia
1065 1191 1224 1252 sententia
1247 1191 1427 1252 confusione
1462 1238 1468 1252 .
1514 1238 1520 1252 .
1569 1237 1587 1268 „
1725 1192 1753 1250 9.

334 1365 344 1378 ⁸
445 1294 491 1352 Da
514 1294 697 1372 copulandis
720 1294 804 1353 inter
825 1313 858 1354 ae
880 1291 1049 1354 sententiis
1072 1291 1216 1352 relativis
1250 1337 1585 1370 ........
1706 1293 1753 1352 10.

444 1394 490 1454 De
514 1394 744 1471 significatione
772 1392 1026 1454 enuntiationum
1053 1392 1259 1452 relativarum
1304 1437 1586 1470 .......
1622 1394 1753 1452 11-16.

444 1493 576 1572 Quippe,
600 1494 783 1574 praesertim,
807 1501 928 1573 utpote,
952 1500 988 1553 ut
1042 1539 1520 1554 ..........
1569 1539 1586 1572 „
1623 1495 1753 1554 15-16.

347 1607 622 1678 Enuntiationes
644 1608 869 1698 explieatiroe
934 1655 1749 1672 ................

445 1711 535 1783 Quod
557 1712 629 1790 expl
634 1756 1046 1772 .........
1050 1791 1057 1798 Ι
1092 1756 1517 1772 .........
1561 1733 1590 1792 p.
1621 1715 1753 1773 16-18.

444 1811 546 1884 Quom
567 1812 640 1890 expl
644 1857 1516 1872 ..................
1565 1857 1582 1890 „
1619 1815 1753 1873 19-20.

348 1925 623 1996 Enuntiationes
645 1927 813 1996 causales
831 1974 1749 1990 ..................

446 2029 654 2090 Aduerbiales
676 2037 785 2090 enunt.
808 2049 883 2090 caue
887 2075 1520 2090 .............
1564 2051 1593 2110 p.
1621 2032 1754 2092 20-24.

445 2128 617 2208 Objectivae
639 2137 748 2190 enunt.
770 2151 847 2190 caua
850 2175 1585 2208 ................
1620 2133 1752 2191 24-26.

349 2241 625 2314 Ennntiationea
647 2245 885 2314 ooneeoutirae
934 2293 1749 2310 ................

446 2346 653 2408 Adverbiales
675 2355 784 2408 enuut.
807 2367 928 2408 oonseo.
990 2394 1519 2410 ...........
1564 2371 1592 2428 p.
1703 2351 1753 2410 27.

446 2446 618 2524 Objectivae
640 2455 748 2508 enunt.
771 2467 882 2508 conseo
885 2494 1586 2528 ...............
1621 2453 1753 2512 28-30.

446 2547 574 2608 Finalea
596 2555 705 2608 anunt.
729 2567 840 2608 oonaec
843 2595 1587 2628 ................
1621 2553 1754 2611 30-32.

446 2647 604 2726 Ellipticae
626 2655 734 2709 enunt.
758 2669 878 2709 consec.
935 2696 941 2709 .
987 2695 994 2710 .
1040 2695 1046 2709 .
1091 2695 1098 2710 .
1144 2696 1151 2710 .
1197 2695 1203 2710 .
1249 2695 1256 2710 .
1301 2695 1308 2710 .
1354 2696 1360 2710 .
1407 2696 1413 2710 .
1459 2696 1466 2710 .
1512 2697 1518 2711 .
1568 2697 1585 2728 „
1703 2654 1753 2712 32.

349 2763 625 2834 Enuntiationaa
647 2764 777 2834 finales
832 2813 1153 2828 .......
1158 2795 1160 2798 ·
1199 2813 1748 2829 ...........

447 2867 653 2927 Adverbialea
676 2872 785 2927 enunt.
808 2866 849 2926 fin
854 2913 1520 2930 ..............
1563 2889 1592 2948 p.
1620 2870 1753 2930 33-34.

448 2967 681 3027 Parenthetieae
703 2975 812 3027 enunt.
835 2965 877 3026 fin
881 3013 1576 3046 ..............
1579 3016 1586 3048 ,
1704 2971 1753 3030 35.

1782 1661 1803 1691 ,,
1841 1611 1985 1680 16-90.

1781 1981 1802 2010 ,,
1834 1932 1984 2000 20-26.

1781 2299 1803 2330 „
1838 2250 1984 2320 27-82.

1780 2818 1802 2848 „
1839 2769 1985 2838 88-48.

447 3067 605 3146 Elliptioae
627 3077 736 3128 enunt.
759 3066 811 3127 fin.
834 3067 960 3144 generis
983 3067 1174 3128 adverbialia
1198 3114 1585 3147 ........
1703 3071 1753 3129 35.
1779 3059 1782 3066 ’

447 3167 619 3246 Objeotivae
641 3174 749 3228 anunt.
773 3167 825 3229 fin.
882 3215 1585 3248 ...............
1619 3171 1753 3230 36-40.

447 3269 558 3348 Ellipt.
581 3279 690 3328 enuut.
713 3269 765 3329 fin.
787 3269 913 3346 generis
936 3267 1084 3347 objeotivi
1147 3315 1586 3349 .........
1704 3273 1754 3330 40.

446 3370 540 3446 Quin,
564 3389 633 3446 quo,
656 3370 710 3446 qui
728 3415 1585 3449 ..................
1619 3373 1753 3432 40—43.

350 3485 626 3554 nnunnationos
648 3485 911 3554 oondioionalea
939 3532 1749 3550 ................

447 3589 493 3648 De
517 3588 615 3649 modia
638 3595 733 3664 atque
757 3587 949 3667 temporibus
991 3633 1521 3650 ...........
1564 3611 1594 3668 p.
1620 3591 1753 3649 43—50.

447 3689 489 3770 Si,
523 3689 592 3766 uisi,
627 3689 688 3749 uisi
720 3689 756 3766 si,
784 3689 844 3749 nisi
868 3695 983 3766 tamen,
1006 3687 1067 3748 nisi
1090 3687 1181 3766 forte,
1204 3688 1246 3766 ui,
1270 3687 1353 3768 dum,
1377 3687 1450 3749 dum
1472 3709 1521 3766 ue,

552 3789 625 3848 dum
649 3789 747 3866 modo,
773 3791 890 3865 absque
936 3835 1518 3851 ............
1567 3837 1585 3869 ,,
1620 3791 1753 3852 50-54.

349 3903 627 3975 Enuntiationes
650 3904 868 3974 oonoeeaivm
934 3952 1747 3970 ................

350 4022 627 4092 Enuntiationes
649 4022 900 4113 comparative
939 4070 1747 4087 ................

449 4127 493 4186 Ut
518 4171 1518 4188 ....................
1561 4147 1590 4205 p.
1619 4127 1755 4187 57-61.

448 4226 546 4304 Siout,
570 4227 668 4304 velut,
692 4233 793 4305 praeut
831 4271 1520 4288 ..............
1568 4275 1586 4309 „
1621 4229 1754 4288 61-62.

447 4328 559 4402 Quam,
583 4347 749 4406 praequam,
772 4326 872 4404 quaai,
896 4333 992 4403 atque
1042 4372 1586 4406 ............
1622 4330 1754 4388 62-65.

447 4427 517 4500 Quo
540 4427 639 4506 modo,
663 4448 755 4504 quem
777 4427 817 4487 ad
833 4427 966 4506 modum,
982 4447 1043 4504 quo
1059 4435 1161 4506 paeto,
1177 4433 1306 4506 quanto,
1323 4447 1393 4506 quo,
1409 4427 1522 4507 qualia,

552 4535 699 4605 quantus,
723 4535 810 4606 quot,
834 4547 895 4586 non
918 4527 1000 4588 aliua
1023 4527 1084 4588 nisi
1147 4574 1520 4589 ........
1568 4576 1586 4608 „
1704 4529 1753 4587 65.

350 4644 619 4714 Gondioionalea
641 4645 762 4713 anunt.
785 4664 938 4732 oompar.
991 4691 998 4706 .
1044 4692 1050 4706 .
1096 4691 1103 4706 .
1148 4691 1156 4705 .
1200 4692 1207 4706 .
1253 4692 1260 4706 .
1305 4691 1312 4706 .
1358 4691 1364 4706 .
1410 4692 1417 4706 .
1462 4691 1469 4707 .
1515 4693 1521 4706 .
1575 4694 1581 4708 .
1630 4694 1637 4708 .
1686 4691 1692 4706 .

333 4764 627 4833 ‘Ennntiationea
648 4762 867 4852 temporales
884 4808 1751 4832 .................

449 4867 630 4943 Postquam,
654 4865 716 4944 ubi,
741 4871 777 4924 ut
832 4910 1521 4926 ..............
1564 4886 1593 4945 p.
1621 4864 1754 4924 67-71,

449 4968 549 5040 Quom
571 5009 1586 5042 .....................
1621 4965 1755 5024 71-76,

449 5069 590 5147 Quando,
613 5067 706 5128 simul
729 5087 775 5144 ae,
799 5065 882 5144 dum,
905 5065 1013 5144 donee,
1036 5065 1218 5144 priusquam
1252 5111 1587 5142 .......
1622 5063 1755 5124 76-81.

350 5185 543 5254 Parataxie
572 5225 1756 5247 .......................

898 5329 1411 5387 ,ῌ-..ξῄῂ

1781 3539 1803 3570 ,,
1838 3487 1987 3557 48-54.
2011 3541 2013 3546 ,

1779 3960 1800 3990 ,,
1839 3907 1986 3976 54-57.

1780 4076 1801 4106 ,,
1840 4024 1987 4092 57-65.

1742 4691 1749 4705 .
1781 4693 1803 4724 ,,
1842 4643 1987 4712 66-67.

1784 4811 1805 4842 ,,
1845 4759 1986 4828 67-81.

1788 5229 1810 5260 ,,
1835 5179 1986 5248 82-90.
